% Bibliografia

@book{hamiltonluizguidorizziUmCursoCalculo2012,
	title = {Um curso de cálculo volume I},
	author = {{Hamilton Luiz Guidorizzi}},
	date = {2012-09-28},
	publisher = {Ltc-Livros Tecnicos E Cientificos Editora Lda},
	isbn = {978-85-216-2244-4},
	langid = {brazilian},
	file = {C:\Users\david.navarro\Zotero\storage\T7ARR8JP\2012 - Um curso de cálculo volume I.pdf}
}
